<?xml version="1.0" encoding="UTF-8"?><record xmlns="http://www.loc.gov/MARC21/slim" xmlns:cinclude="http://apache.org/cocoon/include/1.0" xmlns:zs="http://www.loc.gov/zing/srw/">
  <leader>00435nz  a2200121n  4500</leader>
  <controlfield tag="001">n  92006042 </controlfield>
  <controlfield tag="003">DLC</controlfield>
  <controlfield tag="005">19920121092823.2</controlfield>
  <controlfield tag="008">920121n| acannaab|          |n aaa |||  </controlfield>
  <datafield tag="010" ind1=" " ind2=" ">
    <subfield code="a">n  92006042 </subfield>
  </datafield>
  <datafield tag="040" ind1=" " ind2=" ">
    <subfield code="a">DLC</subfield>
    <subfield code="c">DLC</subfield>
  </datafield>
  <datafield tag="100" ind1="1" ind2="0">
    <subfield code="a">Krüger, Jobst</subfield>
  </datafield>
  <datafield tag="670" ind1=" " ind2=" ">
    <subfield code="a">His Die Vergabe öffentlicher Bauaufträge im europäischen Binnenmarkt, 1989:</subfield>
    <subfield code="b">p. 3 (Jobst Krüger; Baudirektor, Bundesministerium f. Raumordnung, Bauwesen und Städtebau, Bonn)</subfield>
  </datafield>
</record>